@article{clarida2000,
  title={Monetary policy rules and macroeconomic stability: evidence and some theory},
  author={Clarida, Richard and Gali, Jordi and Gertler, Mark},
  journal={The Quarterly journal of economics},
  volume={115},
  number={1},
  pages={147--180},
  year={2000},
  publisher={MIT Press}
}